@book{russellphi,
author={Bertrand Russell},
title="Philosophie des Abendlandes --- Ihr Zusammenhang mit der politischen und sozialen Entwicklung",
isbn={978-3-86647-833-6},
publisher=Anaconda,
year=2012,
note={Aus dem Englischen von Elisabeth Fischer-Wernecke und Ruth Gillischewski, durchgesehen von Rudolf Kaspar}}
